

@Misc{coma:spec1,
  author =	 "Sandro Esquivel and  Tom Scherzer and Jan Waller",
  title =	 "Coma Conference Manager: Specification",
  month =	 nov,
  year =	 2004
}


@Misc{coma:spec2,
  author =	 "Daniel Miesling and Ulrich Schwarz  and  Falk Starke",
  title =	 "Coma Conference Manager: Specification",
  month =	 nov,
  year =	 2004
}

